%! Author = andy
%! Date = 27/04/2021

